@inproceedings{krizhevsky2012imagenet,
  title={Imagenet classification with deep convolutional neural networks},
  author={Krizhevsky, Alex and Sutskever, Ilya and Hinton, Geoffrey E},
  booktitle={Advances in neural information processing systems},
  pages={1097--1105},
  year={2012}
}
@inproceedings{ciregan2012multi,
  title={Multi-column deep neural networks for image classification},
  author={Ciregan, Dan and Meier, Ueli and Schmidhuber, J{\"u}rgen},
  booktitle={Computer Vision and Pattern Recognition (CVPR), 2012 IEEE Conference on},
  pages={3642--3649},
  year={2012},
  organization={IEEE}
}
@inproceedings{li2015convolutional,
  title={A convolutional neural network cascade for face detection},
  author={Li, Haoxiang and Lin, Zhe and Shen, Xiaohui and Brandt, Jonathan and Hua, Gang},
  booktitle={Proceedings of the IEEE Conference on Computer Vision and Pattern Recognition},
  pages={5325--5334},
  year={2015}
}
@article{lawrence1997face,
  title={Face recognition: A convolutional neural-network approach},
  author={Lawrence, Steve and Giles, C Lee and Tsoi, Ah Chung and Back, Andrew D},
  journal={IEEE transactions on neural networks},
  volume={8},
  number={1},
  pages={98--113},
  year={1997},
  publisher={IEEE}
}
@inproceedings{farfade2015multi,
  title={Multi-view face detection using deep convolutional neural networks},
  author={Farfade, Sachin Sudhakar and Saberian, Mohammad J and Li, Li-Jia},
  booktitle={Proceedings of the 5th ACM on International Conference on Multimedia Retrieval},
  pages={643--650},
  year={2015},
  organization={ACM}
}
@article{osadchy2007synergistic,
  title={Synergistic face detection and pose estimation with energy-based models},
  author={Osadchy, Margarita and Cun, Yann Le and Miller, Matthew L},
  journal={Journal of Machine Learning Research},
  volume={8},
  number={May},
  pages={1197--1215},
  year={2007}
}
@inproceedings{lecun1990handwritten,
  title={Handwritten digit recognition with a back-propagation network},
  author={LeCun, Yann and Boser, Bernhard E and Denker, John S and Henderson, Donnie and Howard, Richard E and Hubbard, Wayne E and Jackel, Lawrence D},
  booktitle={Advances in neural information processing systems},
  pages={396--404},
  year={1990}
}
@inproceedings{graves2009offline,
  title={Offline handwriting recognition with multidimensional recurrent neural networks},
  author={Graves, Alex and Schmidhuber, J{\"u}rgen},
  booktitle={Advances in neural information processing systems},
  pages={545--552},
  year={2009}
}
@inproceedings{sun2013deep,
  title={Deep convolutional network cascade for facial point detection},
  author={Sun, Yi and Wang, Xiaogang and Tang, Xiaoou},
  booktitle={Proceedings of the IEEE conference on computer vision and pattern recognition},
  pages={3476--3483},
  year={2013}
}
@article{cintas2016automatic,
  title={Automatic ear detection and feature extraction using Geometric Morphometrics and convolutional neural networks},
  author={Cintas, Celia and Quinto-S{\'a}nchez, Mirsha and Acu{\~n}a, Victor and Paschetta, Carolina and de Azevedo, Soledad and de Cerqueira, Caio Cesar Silva and Ramallo, Virginia and Gallo, Carla and Poletti, Giovanni and Bortolini, Maria Catira and others},
  journal={IET Biometrics},
  volume={6},
  number={3},
  pages={211--223},
  year={2016},
  publisher={IET}
}
@inproceedings{zhang2014facial,
  title={Facial landmark detection by deep multi-task learning},
  author={Zhang, Zhanpeng and Luo, Ping and Loy, Chen Change and Tang, Xiaoou},
  booktitle={European Conference on Computer Vision},
  pages={94--108},
  year={2014},
  organization={Springer}
}
@article{lecun2015deep,
  title={Deep learning},
  author={LeCun, Yann and Bengio, Yoshua and Hinton, Geoffrey},
  journal={Nature},
  volume={521},
  number={7553},
  pages={436--444},
  year={2015},
  publisher={Nature Research}
}
@inproceedings{lecun2010convolutional,
  title={Convolutional networks and applications in vision},
  author={LeCun, Yann and Kavukcuoglu, Koray and Farabet, Cl{\'e}ment},
  booktitle={Circuits and Systems (ISCAS), Proceedings of 2010 IEEE International Symposium on},
  pages={253--256},
  year={2010},
  organization={IEEE}
}
@inproceedings{le2017maelab,
  TITLE = {{MAELab: a framework to automatize landmark estimation}},
  AUTHOR = {LE, Van Linh and BEURTON-AIMAR, Marie and KR{\"A}HENB{\"U}HL, Adrien and PARISEY, Nicolas},
  URL = {https://hal.archives-ouvertes.fr/hal-01571440},
  BOOKTITLE = {{WSCG 2017}},
  ADDRESS = {Plzen, Czech Republic},
  SERIES = {25th International Conference in Central Europe on Computer Graphics, Visualization and Computer Vision'2017},
  YEAR = {2017},
  MONTH = May,
  KEYWORDS = {SIFT descriptor ; Beetle ; Mandible ; Morphology ; Image registration},
  PDF = {https://hal.archives-ouvertes.fr/hal-01571440/file/M71-full.PDF},
  HAL_ID = {hal-01571440},
  HAL_VERSION = {v1},
}
@article{kendall1938new,
  title={A new measure of rank correlation},
  author={Kendall, Maurice G},
  journal={Biometrika},
  volume={30},
  number={1/2},
  pages={81--93},
  year={1938},
  publisher={JSTOR}
}
@book{pallant2013spss,
  title={SPSS survival manual},
  author={Pallant, Julie},
  year={2013},
  publisher={McGraw-Hill Education (UK)}
}
@book{myers2010research,
  title={Research design and statistical analysis},
  author={Myers, Jerome L and Well, Arnold and Lorch, Robert Frederick},
  year={2010},
  pages={508},
  publisher={Routledge}
}
@article{lecun2015deep,
  title={Deep learning},
  author={LeCun, Yann and Bengio, Yoshua and Hinton, Geoffrey},
  journal={Nature},
  volume={521},
  number={7553},
  pages={436--444},
  year={2015},
  publisher={Nature Research}
}
@inproceedings{tompson2014joint,
  title={Joint training of a convolutional network and a graphical model for human pose estimation},
  author={Tompson, Jonathan J and Jain, Arjun and LeCun, Yann and Bregler, Christoph},
  booktitle={Advances in neural information processing systems},
  pages={1799--1807},
  year={2014}
}
@incollection{lecun2012efficient,
  title={Efficient backprop},
  author={LeCun, Yann A and Bottou, L{\'e}on and Orr, Genevieve B and M{\"u}ller, Klaus-Robert},
  booktitle={Neural networks: Tricks of the trade},
  pages={9--48},
  year={2012},
  publisher={Springer}
}

@article{srivastava2014dropout,
  title={Dropout: a simple way to prevent neural networks from overfitting.},
  author={Srivastava, Nitish and Hinton, Geoffrey E and Krizhevsky, Alex and Sutskever, Ilya and Salakhutdinov, Ruslan},
  journal={Journal of machine learning research},
  volume={15},
  number={1},
  pages={1929--1958},
  year={2014}
}
@misc{lasagne,
  author       = {Sander Dieleman and
                  Jan Schlüter and
                  Colin Raffel and
                  Eben Olson and
                  Søren Kaae Sønderby and
                  Daniel Nouri and
                  others},
  title        = {Lasagne: First release.},
  month        = aug,
  year         = 2015,
  doi          = {10.5281/zenodo.27878},
  url          = {http://dx.doi.org/10.5281/zenodo.27878}
}

